% The first four references in this document are example references
% that the template use.
% If you need a to add a reference copy the correct type from below and fill
% in all fields properly. You can use other types as well but remember
% to add all required fields for that type if you do.
%
% http://en.wikibooks.org/wiki/LaTeX/Bibliography_Management#Standard_templates

% Remember to search for the reference you need first in this document.
% Someone else may have added it already, then use the same reference.

% The reference id should be first listed author in a paper and the year.
% As an example if "John Doe" wrote a paper back in 1999 the reference
% should be referred to as "doe1999".

% Website references should start with the "web:" prefix.

% Misc
% Put the same in "key" as you use in "title".
@misc{web:website,
    title = {Website},
    key = {Website},
    urldate = {2013-10-15},
    note = {This is a note to the web:website reference.},
    url = {\url{http://www.example.com}},
    howpublished = {\url{http://www.example.com}},
}

% Article
% Required fields: author, title, journal, year.
% Optional fields: volume, number, pages, month, note.
@article{article:article,
    author    = {surname, firstname and surname, firstname},
    title     = {Tile of the article:article reference},
    journal   = {Journal},
    volume   = {Volume},
    pages    = {Pages},
    year      = {year},
    month    = {month},
    note     = {Note of the article:article reference},
}

% Unpublished
% Required fields: author, title, note.
% Optional fields: month, year.
@unpublished{unpublished:unpublished,
    author = {surname, firstname and surname, firstname},
    title = {Title of the unpublished:unpublished reference.},
    note = {This is a note of the unpublished:unpublished reference.},
    url = {\url{http://www.example.com}},
    year = {2013},
}

% Book
% Required fields: author/editor, title, publisher, year.
% Optional fields: volume/number, series, address, edition, month, note.
@book{book:book,
    author    = {surname, firstname},
    title     = {Title of book:book reference},
    publisher = {Publisher},
    volume   = {Volume},
    series   = {Series},
    address  = {Address},
    edition  = {Edition},
    year      = {2013},
    month    = {Month},
    note     = {Note},
}

%%%%%%%
% Space plug and play Avionics
%%%%%%%

@misc{spa:logical_interface,
    title = {Space Plug-and-Play Architecture: Logical Interface (AIAA S-133-3-2013e)},
    key = {Space Plug-and-Play Architecture: Logical Interface (AIAA S-133-3-2013e)},
    urldate = {2013-12-02},
    note = {AIAA Standard.},
    url = {\url{http://arc.aiaa.org/doi/book/10.2514/4.102318}},
    howpublished = {\url{http://arc.aiaa.org/doi/book/10.2514/4.102318}},
}

@misc{spa:networking,
    title = {Space Plug-and-Play Architecture: Networking (AIAA S-133-2-2013e)},
    key = {Space Plug-and-Play Architecture: Networking (AIAA S-133-2-2013e)},
    urldate = {2013-12-02},
    note = {AIAA Standard.},
    url = {\url{http://arc.aiaa.org/doi/book/10.2514/4.102301}},
    howpublished = {\url{http://arc.aiaa.org/doi/book/10.2514/4.102301}},
}

@misc{spa:spacewire,
    title = {Space Plug-and-Play Architecture: Spacewire Subnet Adaptation (AIAA S-133-9-2013e)},
    key = {Space Plug-and-Play Architecture: Spacewire Subnet Adaptation (AIAA S-133-9-2013e)},
    urldate = {2013-12-02},
    note = {AIAA Standard.},
    url = {\url{http://arc.aiaa.org/doi/book/10.2514/4.102370}},
    howpublished = {\url{http://arc.aiaa.org/doi/book/10.2514/4.102370}},
}

@misc{web:vnp,
    title = {Virtual Network Protocol},
    key = "Virtual Network Protocol",
    urldate = "2013-12-02",
    note = "Accessed 2013-12-02.",
    url = {\url{http://virtual-network.github.io/vn-sdm/}},
    howpublished = {\url{http://virtual-network.github.io/vn-sdm/}},
}

%%%%%%%
% CAN Bus
%%%%%%%
@misc{standard:can_bus_fd,
    title = {CAN with Flexible Data-Rate},
    key = {CAN with Flexible Data-Rate},
    urldate = "2013-12-06",
    note = "Accessed 2013-12-06.",
    url = {\url{http://www.bosch-semiconductors.de/media/pdf_1/canliteratur/can_fd_spec.pdf}},
    howpublished = {\url{http://www.bosch-semiconductors.de/media/pdf_1/canliteratur/can_fd_spec.pdf}},
}

@misc{standard:can_bus,
    title = {CAN Bus 2.0 Specification},
    key = "CAN Bus 2.0 Specification",
    urldate = "2013-12-02",
    note = "Accessed 2013-12-02.",
    url = {\url{http://www.bosch-semiconductors.de/media/pdf_1/canliteratur/can2spec.pdf}},
    howpublished = {\url{http://www.bosch-semiconductors.de/media/pdf_1/canliteratur/can2spec.pdf}},
}

@inproceedings{lindgren2008,
    title={IP over CAN, transparent vehicular to infrastructure access},
    author={Lindgren, Per and Aittamaa, Simon and Eriksson, Johan},
    booktitle={Consumer Communications and Networking Conference, 2008. CCNC 2008. 5th IEEE},
    pages={758--759},
    year={2008},
    organization={IEEE}
}

@misc{web:porting_ip_can,
    title = "Porting the Internet Protocol to the Controller Area Network",
    key = "Porting the Internet Protocol to the Controller Area Network",
    urldate = "2013-12-03",
    note = "Accessed 2013-12-03",
    author = {Ditze, Michael and Bernhardi, Reinhard and K\"{a}mper, Guido and
        Altenband, Peter},
    url = {\url{http://www.hurray.isep.ipp.pt/rtlia2003/full_papers/8_rtlia.pdf}},
    howpublished = {\url{http://www.hurray.isep.ipp.pt/rtlia2003/full_papers/8_rtlia.pdf}},
}

%%%%%%%
% IETF RFC (Request for comments)
%%%%%%%
@misc{web:draft-ip_over_can,
    title = "IETF Draft - IP over CAN",
    key = "IETF Draft - IP over CAN",
    urldate = "2013-12-02",
    note = "Accessed 2013-12-02",
    author = "Cach, Petr and Fiedler, Petr",
    url = {\url{http://datatracker.ietf.org/doc/draft-cafi-can-ip/}},
    howpublished = {\url{http://datatracker.ietf.org/doc/draft-cafi-can-ip/}},
}

@misc{web:rfc791,
    title = {RFC 791, Internet Protocol},
    key = {RFC 0791, Internet Protocol},
    urldate = {2013-12-04},
    note = {Accessed 2013-12-04},
    url = {\url{http://datatracker.ietf.org/doc/rfc791/}},
    howpublished = {\url{http://datatracker.ietf.org/doc/rfc791/}},
}

@misc{web:rfc1631,
    title = {RFC 1631, The IP Network Address Translator (NAT)},
    key = {RFC 1631, The IP Network Address Translator (NAT)},
    urldate = {2013-12-04},
    note = {Accessed 2013-12-04},
    url = {\url{http://datatracker.ietf.org/doc/rfc1631/}},
    howpublished = {\url{http://datatracker.ietf.org/doc/rfc1631/}},
}

@misc{web:rfc1883,
    title = {RFC 1883, Internet Protocol, Version 6 (IPv6) Specification},
    key = {RFC 1883, Internet Protocol, Version 6 (IPv6) Specification},
    urldate = {2013-12-05},
    note = {Accessed 2013-12-05},
    url = {\url{http://datatracker.ietf.org/doc/rfc1883/}},
    howpublished = {\url{http://datatracker.ietf.org/doc/rfc1883/}},
}

@misc{web:rfc1918,
    title = {RFC 1918 (BCP 5), Address Allocation for Private Internets},
    key = {RFC 1918 (BCP 5), Address Allocation for Private Internets},
    urldate = {2013-12-04},
    note = {Accessed 2013-12-04},
    url = {\url{http://datatracker.ietf.org/doc/rfc1918/}},
    howpublished = {\url{http://datatracker.ietf.org/doc/rfc1918/}},
}

@misc{web:rfc2131,
    title = {RFC 2131, Dynamic Host Configuration Protocol},
    key = {RFC 2131, Dynamic Host Configuration Protocol},
    urldate = {2013-12-04},
    note = {Accessed 2013-12-04},
    url = {\url{http://datatracker.ietf.org/doc/rfc2131/}},
    howpublished = {\url{http://datatracker.ietf.org/doc/rfc2131/}},
}

@misc{web:rfc2132,
    title = {RFC 2132, DHCP Options and BOOTP Vendor Extensions},
    key = {RFC 2132, DHCP Options and BOOTP Vendor Extensions},
    urldate = {2013-12-04},
    note = {Accessed 2013-12-04},
    url = {\url{http://datatracker.ietf.org/doc/rfc2132/}},
    howpublished = {\url{http://datatracker.ietf.org/doc/rfc2132/}},
}

@misc{web:rfc2460,
    title = {RFC 2460, Internet Protocol, Version 6 (IPv6) Specification},
    key= {RFC 2460, Internet Protocol, Version 6 (IPv6) Specification},
    urldate = {2013-12-05},
    note = {Accessed 2013-12-05},
    url = {\url{http://datatracker.ietf.org/doc/rfc2460/}},
    howpublished = {\url{http://datatracker.ietf.org/doc/rfc2460/}},
}

@misc{web:rfc3022,
    title = {RFC 3022, Traditional IP Network Address Translator (Traditional NAT)},
    key = {RFC 3022, Traditional IP Network Address Translator (Traditional NAT)},
    urldate = {2013-12-04},
    note = {Accessed 2013-12-04},
    url = {\url{http://datatracker.ietf.org/doc/rfc3022/}},
    howpublished = {\url{http://datatracker.ietf.org/doc/rfc3022/}},
}

@misc{web:rfc3315,
    title = {RFC 3315, Dynamic Host Configuration Protocol for IPv6 (DHCPv6)},
    key = {RFC 3315, Dynamic Host Configuration Protocol for IPv6 (DHCPv6)},
    urldate = {2013-12-05},
    note = {Accessed 2013-12-05},
    url = {\url{http://datatracker.ietf.org/doc/rfc3315/}},
    howpublished = {\url{http://datatracker.ietf.org/doc/rfc3315/}},
}

@misc{web:rfc3633,
    title = {RFC 3633, IPv6 Prefix Options for Dynamic Host Configuration
        Protocol (DHCP) version 6},
    key = {RFC 3633, IPv6 Prefix Options for Dynamic Host Configuration
        Protocol (DHCP) version 6},
    urldate = {2013-12-06},
    note = {Accessed 2013-12-06},
    url = {\url{http://datatracker.ietf.org/doc/rfc3633/}},
    howpublished = {\url{http://datatracker.ietf.org/doc/rfc3633/}},
}

@misc{web:rfc4122,
    title = {RFC 4122, A Universally Unique IDentifier (UUID) URN Namespace},
    key = {RFC 4122, A Universally Unique IDentifier (UUID) URN Namespace},
    urldate = {2013-12-03},
    note = {Accessed 2013-12-03},
    url = {\url{http://datatracker.ietf.org/doc/rfc4122/}},
    howpublished = {\url{http://datatracker.ietf.org/doc/rfc4122/}},
}

@misc{web:rfc4291,
    title = {RFC 4291, IP Version 6 Addressing Architecture},
    key = {RFC 4291, IP Version 6 Addressing Architecture},
    urldate = {2013-12-05},
    note = {Accessed 2013-12-05},
    url = {\url{http://datatracker.ietf.org/doc/rfc4291/}},
    howpublished = {\url{http://datatracker.ietf.org/doc/rfc4291/}},
}

@misc{web:rfc4361,
    title = {RFC 4361, Node-specific Client Identifiers for Dynamic Host
    Configuration Protocol Version Four (DHCPv4)},
    key = {RFC 4361, Node-specific Client Identifiers for Dynamic Host
    Configuration Protocol Version Four (DHCPv4)},
    urldate = {2013-12-04},
    note = {Accessed 2013-12-04},
    url = {\url{http://datatracker.ietf.org/doc/rfc4361/}},
    howpublished = {\url{http://datatracker.ietf.org/doc/rfc4361/}},
}

@misc{web:rfc4862,
    title = {RFC 4862, IPv6 Stateless Address Autoconfiguration},
    key = {RFC 4862, IPv6 Stateless Address Autoconfiguration},
    urldate = {2013-12-05},
    note = {Accessed 2013-12-05},
    url = {\url{http://datatracker.ietf.org/doc/rfc4862/}},
    howpublished = {\url{http://datatracker.ietf.org/doc/rfc4862/}},
}

@misc{web:rfc4941,
    title = {RFC 4941, Privacy Extensions for Stateless Address
        Autoconfiguration in IPv6},
    key = {RFC 4941, Privacy Extensions for Stateless Address
        Autoconfiguration in IPv6},
    urldate = {2013-12-05},
    note = {Accessed 2013-12-05},
    url = {\url{http://datatracker.ietf.org/doc/rfc4941/}},
    howpublished = {\url{http://datatracker.ietf.org/doc/rfc4941/}},
}

@misc{web:rfc5952,
    title = {RFC 5952, A Recommendation for IPv6 Address Text Representation},
    key = {RFC 5952, A Recommendation for IPv6 Address Text Representation},
    urldate = {2013-12-05},
    note = {Accessed 2013-12-05},
    url = {\url{http://datatracker.ietf.org/doc/rfc5952/}},
    howpublished = {\url{http://datatracker.ietf.org/doc/rfc5952/}},
}

@misc{web:rfc6540,
    title = {RFC 6540, IPv6 Support Required for All IP-Capable Nodes},
    key = {RFC 6540, IPv6 Support Required for All IP-Capable Nodes},
    urldate = {2013-12-06},
    note = {Accessed 2013-12-06},
    url = {\url{http://datatracker.ietf.org/doc/rfc6540/}},
    howpublished = {\url{http://datatracker.ietf.org/doc/rfc6540/}},
}

@misc{web:ietf_charter_6lowpan,
    title = {6LoWPAN Working Group Charter},
    key = {6LoWPAN Working Group Charter},
    urldate = {2013-12-06},
    note = {Accessed 2013-12-06},
    url = {\url{http://datatracker.ietf.org/wg/6lowpan/charter/}},
    howpublished = {\url{http://datatracker.ietf.org/wg/6lowpan/charter/}},
}

@misc{web:ietf_charter_roll,
    title = {ROLL Working Group Charter},
    key = {ROLL Working Group Charter},
    urldate = {2013-12-06},
    note = {Accessed 2013-12-06},
    url = {\url{http://datatracker.ietf.org/wg/roll/charter/}},
    howpublished = {\url{http://datatracker.ietf.org/wg/roll/charter/}},
}

%%%% References for Inertial navigation system %%%%%
@misc{web:fog1,
    title = {The Fiber Optic Gyro (FOG) Product sheet},
    key = {The Fiber Optic Gyro (FOG) Product sheet},
    urldate = {2013-12-28},
    note = {Accessed 2013-12-28},
    url = {\url{http://www.saabgroup.com/Global/Documents%20and%20Images/Land/Weapon%20Systems/FOG/000-112_RevB_web.pdf}},
    howpublished = {\url{http://www.saabgroup.com/Global/Documents%20and%20Images/Land/Weapon%20Systems/FOG/000-112_RevB_web.pdf}},
}

@misc{web:ths4131,
    title = {THS4131 datasheet},
    key = {THS4131 datasheet},
    urldate = {2013-12-28},
    note = {Accessed 2013-12-28},
    url = {\url{http://www.ti.com/lit/ds/slos318h/slos318h.pdf}},
    howpublished = {\url{http://www.ti.com/lit/ds/slos318h/slos318h.pdf}},
}

@misc{web:adr421,
    title = {ADR421 datasheet},
    key = {ADR421 datasheet},
    urldate = {2013-12-28},
    note = {Accessed 2013-12-28},
    url = {\url{http://www.analog.com/static/imported-files/data_sheets/ADR420_421_423_425.pdf}},
    howpublished = {\url{http://www.analog.com/static/imported-files/data_sheets/ADR420_421_423_425.pdf}},
}

@misc{web:ads1255,
    title = {ADS1255 datasheet},
    key = {ADS1255 datasheet},
    urldate = {2013-12-28},
    note = {Accessed 2013-12-28},
    url = {\url{http://www.ti.com/lit/ds/symlink/ads1255.pdf}},
    howpublished = {\url{http://www.ti.com/lit/ds/symlink/ads1255.pdf}},
}

@misc{web:lm1117,
    title = {LM1117 datasheet},
    key = {LM1117 datasheet},
    urldate = {2013-12-28},
    note = {Accessed 2013-12-28},
    url = {\url{http://www.ti.com/lit/ds/symlink/lm1117-n.pdf}},
    howpublished = {\url{http://www.ti.com/lit/ds/symlink/lm1117-n.pdf}},
}

@misc{web:lt1931,
    title = {LT1931 datasheet},
    key = {LT1931 datasheet},
    urldate = {2013-12-28},
    note = {Accessed 2013-12-28},
    url = {\url{http://cds.linear.com/docs/en/datasheet/1931fa.pdf}},
    howpublished = {\url{http://cds.linear.com/docs/en/datasheet/1931fa.pdf}},
}

@misc{web:lmr62014,
    title = {LMR62014 datasheet},
    key = {LMR62014 datasheet},
    urldate = {2013-12-28},
    note = {Accessed 2013-12-28},
    url = {\url{http://www.ti.com/lit/ds/symlink/lmr62014.pdf}},
    howpublished = {\url{http://www.ti.com/lit/ds/symlink/lmr62014.pdf}},
}

@misc{web:pvg612a,
    title = {PVG612A datasheet},
    key = {PVG612A datasheet},
    urldate = {2013-12-28},
    note = {Accessed 2013-12-28},
    url = {\url{http://www.irf.com/product-info/datasheets/data/pvg612a.pdf}},
    howpublished = {\url{http://www.irf.com/product-info/datasheets/data/pvg612a.pdf}},
}

@misc{web:vn100,
    title = {VN-100 User Manual},
    key = {VN-100 User Manual},
    urldate = {2013-12-28},
    note = {Accessed 2013-12-28},
    url = {\url{http://www.vectornav.com/Downloads/Support/UM001.pdf}},
    howpublished = {\url{http://www.vectornav.com/Downloads/Support/UM001.pdf}},
}

@misc{web:max232,
    title = {MAX232 datasheet},
    key = {MAX232 datasheet},
    urldate = {2013-12-28},
    note = {Accessed 2013-12-28},
    url = {\url{http://www.ti.com/lit/ds/symlink/max232.pdf}},
    howpublished = {\url{http://www.ti.com/lit/ds/symlink/max232.pdf}},
}

@unpublished{unpublished:vasa,
    author = {Micael \"{O}stberg et al.},
    title = {PROJECT VASA SYSTEM OVERVIEW.},
    note = {},
    url = {\url{http://www.projectvasa.com}},
    year = {2012},
}

%%%% End of references for Inertial navigation system %%%%%

%%%% References for Generic CAN controller %%%%%

@misc{web:at90can,
    title = {AT90CAN32/64/128 datasheet},
    key = {AT90CAN32/64/128 datasheet},
    urldate = {2013-12-28},
    note = {Accessed 2013-12-28},
    url = {\url{http://www.atmel.com/Images/doc7682.pdf}},
    howpublished = {\url{http://www.atmel.com/Images/doc7682.pdf}},
}

@misc{web:mcp2551,
    title = {MCP2551 datasheet},
    key = {MCP2551 datasheet},
    urldate = {2013-12-28},
    note = {Accessed 2013-12-28},
    url = {\url{https://www.sparkfun.com/datasheets/DevTools/Arduino/MCP2551.pdf}},
    howpublished = {\url{https://www.sparkfun.com/datasheets/DevTools/Arduino/MCP2551.pdf}},
}
%%%% End of references for Generic CAN controller %%%%%

%%%% Hardware manager's lessons learned %%%%%%%

@misc{web:wiki_user_story,
    title = {Wikipedia: User story},
    key = {Wikipedia: User story},
    urldate = {2014-01-08},
    note = {Accessed 2014-01-08},
    url = {\url{http://en.wikipedia.org/wiki/User_story}},
    howpublished = {\url{http://en.wikipedia.org/wiki/User_story}},
}

@misc{web:wiki_integration_testing,
    title = {Wikipedia: Intergration testing},
    key = {Wikipedia: Intergration testing},
    urldate = {2014-01-08},
    note = {Accessed 2014-01-08},
    url = {\url{http://en.wikipedia.org/wiki/Integration_test}},
    howpublished = {\url{http://en.wikipedia.org/wiki/Integration_test}},
}

@misc{web:wiki_unit_testing,
    title = {Wikipedia: Unit testing},
    key = {Wikipedia: Unit testing},
    urldate = {2014-01-08},
    note = {Accessed 2014-01-08},
    url = {\url{http://en.wikipedia.org/wiki/Unit_testing}},
    howpublished = {\url{http://en.wikipedia.org/wiki/Unit_testing}},
}

@misc{web:brays_terminal,
    title = {Bray's Terminal download page},
    key = {Bray's Terminal download page},
    urldate = {2014-01-11},
    note = {Accessed 2014-01-11},
    url = {\url{http://hw-server.com/terminal-terminal-emulation-program-rs-232}},
    howpublished = {\url{http://hw-server.com/terminal-terminal-emulation-program-rs-232}},
}

@misc{web:cutecom_terminal,
    title = {CuteCom Ubuntu documentation},
    key = {CuteCom Ubuntu documentation},
    urldate = {2014-01-11},
    note = {Accessed 2014-01-11},
    url = {\url{https://help.ubuntu.com/community/Cutecom}},
    howpublished = {\url{https://help.ubuntu.com/community/Cutecom}},
}

@misc{web:kvaser_can,
    title = {Kvaser CAN-to-USB products},
    key = {Kvaser CAN-to-USB products},
    urldate = {2014-01-11},
    note = {Accessed 2014-01-11},
    url = {\url{http://www.kvaser.com/en/products/can/usb.html}},
    howpublished = {\url{http://www.kvaser.com/en/products/can/usb.html}},
}

%%%% End of Hardware manager's lessons learned %%%%%%%

%%%% References for Sensor Controller %%%%%

@misc{web:ec_circuit,
    title = {E.C. Circuit datasheet},
    key = {E.C. Circuit datasheet},
    urldate = {2013-12-28},
    note = {Accessed 2013-12-28},
    url = {\url{http://dlnmh9ip6v2uc.cloudfront.net/datasheets/Sensors/Biometric/EC_Circuit_3.0.pdf}},
    howpublished = {\url{http://dlnmh9ip6v2uc.cloudfront.net/datasheets/Sensors/Biometric/EC_Circuit_3.0.pdf}},
}

@misc{web:ds18b20,
    title = {DS18B20 datasheet},
    key = {DS18B20 datasheet},
    urldate = {2013-12-28},
    note = {Accessed 2013-12-28},
    url = {\url{http://datasheets.maximintegrated.com/en/ds/DS18B20.pdf}},
    howpublished = {\url{http://datasheets.maximintegrated.com/en/ds/DS18B20.pdf}},
}

@misc{web:imcl,
    title = {IMCL Low Cost Submersible Pressure Sensor},
    key = {IMCL Low Cost Submersible Pressure Sensor},
    urldate = {2013-12-28},
    note = {Accessed 2013-12-28},
    url = {\url{http://www.sensorsone.com/imcl-low-cost-submersible-pressure-sensor/}},
    howpublished = {\url{http://www.sensorsone.com/imcl-low-cost-submersible-pressure-sensor/}},
}

%%%% References for Vision Software system %%%%%

@misc{web:GIMME2,
    title = {GIMME 2},
    key = {GIMME 2},
    urldate = {2014-01-07},
    note = {Accessed 2014-01-07},
    url = {\url{http://www.xilinx.com/products/boards-and-kits/1-3BWL4K.htm}},
    howpublished = {\url{http://www.xilinx.com/products/boards-and-kits/1-3BWL4K.htm}},
}

@misc{web:OpenCV,
    title = {OpenCV},
    key = {OpenCV},
    urldate = {2014-01-07},
    note = {Accessed 2014-01-07},
    url = {\url{http://opencv.org/}},
    howpublished = {\url{http://opencv.org/}},
}

@misc{web:naiad,
    title = {Naiad},
    key = {Naiad},
    urldate = {2014-01-07},
    note = {Accessed 2014-01-07},
    url = {\url{http://www.naiad.se/}},
    howpublished = {\url{http://www.naiad.se/}},
}

@misc{web:PCL,
    title = {Point Cloud Library},
    key = {PCL},
    urldate = {2014-01-07},
    note = {Accessed 2014-01-07},
    url = {\url{http://pointclouds.org/about/}},
    howpublished = {\url{http://pointclouds.org/about/}},
}

@misc{web:oldAdaBindings,
    title = {Ada OpenCV bindings},
    key = {oldAdaBindings},
    urldate = {2014-01-07},
    note = {Accessed 2014-01-07},
    url = {\url{https://code.google.com/p/opencvada/}},
    howpublished = {\url{https://code.google.com/p/opencvada/}},
}

@InProceedings{Rusu_ICRA2011_PCL,
  author    = {Radu Bogdan Rusu and Steve Cousins},
  title     = {{3D is here: Point Cloud Library (PCL)}},
  booktitle = {{IEEE International Conference on Robotics and Automation (ICRA)}},
  month     = {May 9-13},
  year      = {2011},
  address   = {Shanghai, China}
}

@misc{web:newAdaBindings,
    title = {C++ to Ada bindings},
    key = {newAdaBindings},
    urldate = {2014-01-07},
    note = {Accessed 2014-01-07},
    url = {\url{http://wiki.ada-dk.org/c_bindings_example}},
    howpublished = {\url{http://wiki.ada-dk.org/c_bindings_example}},
}

@article{Geng2012150,
title = "Quaternion switching filter for impulse noise reduction in color image ",
journal = "Signal Processing ",
volume = "92",
number = "1",
pages = "150 - 162",
year = "2012",
note = "",
issn = "0165-1684",
doi = "http://dx.doi.org/10.1016/j.sigpro.2011.06.015",
url = "http://www.sciencedirect.com/science/article/pii/S0165168411002234",
author = "Xin Geng and Xiaoguang Hu and Jin Xiao",
keywords = "Color image",
keywords = "Impulse noise",
keywords = "Quaternion unit transform",
keywords = "Switching filter "
}

@InProceedings{Marton09ICRA,
  author    = {Zoltan Csaba Marton and Radu Bogdan Rusu and Michael Beetz},
  title     = {{On Fast Surface Reconstruction Methods for Large and Noisy Datasets}},
  booktitle = {Proceedings of the IEEE International Conference on Robotics and Automation (ICRA)},
  month     = {May 12-17},
  year      = {2009},
  address   = {Kobe, Japan},
}

@article{article:Hamilton1844,
    author    = {Hamilton, William Rowan},
    title     = {On quaternions, or on a new system of imaginaries in algebra.},
    journal   = {Philosophical Magazine.},
    volume   = {25},
    pages    = {489-495},
    year      = {1844},
    month    = {},
    note     = {3},
}

@article{article:Hamilton1866,
    author    = {Hamilton, William Rowan},
    title     = {Hamilton Elements of Quaternions},
    journal   = {Article},
    volume   = {285},
    pages    = {310},
    year      = {1866},
    month    = {},
    note     = {},
}

@electronic{davies2012computer,
  added-at = {2013-03-04T17:53:55.000+0100},
  address = {Waltham, Mass.},
  author = {Davies, E. R.},
  biburl = {http://www.bibsonomy.org/bibtex/229702fe2a988816dda6e23d33f3e86ae/alex_ruff},
  interhash = {5e9523b26bd8b4ac862e3c1370b44560},
  intrahash = {29702fe2a988816dda6e23d33f3e86ae},
  isbn = {9780123869081 0123869080 9780123869913 0123869919},
  keywords = {ComputerVision algorithms book},
  publisher = {Elsevier},
  refid = {781540765},
  timestamp = {2013-03-04T17:53:55.000+0100},
  title = {Computer and machine vision theory, algorithms, practicalities},
  url = {http://www.amazon.com/Computer-Machine-Vision-Fourth-Edition/dp/0123869080/ref=dp_ob_title_bk},
  year = 2012
}

@book{forsyth2011computer,
  title={Computer Vision: A Modern Approach},
  author={Forsyth, D.A. and Ponce, J.},
  isbn={9780136085928},
  lccn={2011036341},
  series={Always learning},
  url={http://books.google.se/books?id=gM63QQAACAAJ},
  year={2011},
  publisher={Pearson Education, Limited}
}

@book{korn2000mathematical,
  title={Mathematical Handbook for Scientists and Engineers: Definitions, Theorems, and Formulas for Reference and Review},
  author={Korn, G.A. and Korn, T.M.},
  isbn={9780486411477},
  lccn={00030318},
  series={Dover Civil and Mechanical Engineering Series},
  url={http://books.google.se/books?id=xHNd5zCXt-EC},
  year={2000},
  publisher={Dover Publications}
}

@misc{web:gaussianBlur,
    title = {Gaussian Blur Filter},
    key = {Gaussian Blur},
    urldate = {2014-01-07},
    note = {Accessed 2014-01-07},
    url = {\url{http://homepages.inf.ed.ac.uk/rbf/HIPR2/gsmooth.htm}},
    howpublished = {\url{http://homepages.inf.ed.ac.uk/rbf/HIPR2/gsmooth.htm}},
}

@article{article:Zheng2010,
    author    = {Sicong Zheng},
    title     = {Pixel-level Image Fusion Algorithms for Multi-camera Imaging System},
    journal   = {The University of Tennessee, Knoxville},
    volume   = {},
    pages    = {},
    year      = {2010},
    month    = {8},
    note     = {},
}

@article{article:Zhang2010,
    author={Zhang, Hong and Sun, Xiao-nan and Zhao, Lei and Liu, Lei},
    title     = {Image Fusion Algorithm Using RBF Neural Networks},
    journal   = {Hybrid Artificial Intelligence Systems},
    volume   = {5271},
    pages    = {417-424},
    year      = {2008},
    month    = {},
    note     = {},
}

@article{article:Shutao,
    author    = {Li, Shutao and Kwok, James T. and Wang, Yaonan},
    title     = {Multifocus image fusion using artificial neural networks},
    journal   = {Pattern Recogn. Lett.},
    volume   = {23},
    pages    = {985-997},
    year      = {2002},
    month    = {jun,},
    note     = {},
}

@article{Canny:1986:CAE:11274.11275,
 author = {Canny, J},
 title = {A Computational Approach to Edge Detection},
 journal = {IEEE Trans. Pattern Anal. Mach. Intell.},
 issue_date = {June 1986},
 volume = {8},
 number = {6},
 month = jun,
 year = {1986},
 issn = {0162-8828},
 pages = {679--698},
 numpages = {20},
 url = {http://dx.doi.org/10.1109/TPAMI.1986.4767851},
 doi = {10.1109/TPAMI.1986.4767851},
 acmid = {11275},
 publisher = {IEEE Computer Society},
 address = {Washington, DC, USA},
 keywords = {Edge detection, feature extraction, image processing, machine vision, multiscale image analysis},
} 

@book{Nixon:2008:FEI:1571711,
 author = {Nixon, Mark and Aguado, Alberto S.},
 title = {Feature Extraction \& Image Processing, Second Edition},
 year = {2008},
 isbn = {0123725380, 9780123725387},
 edition = {2nd},
 publisher = {Academic Press},
} 

@book{books/sp/Cipolla96,
  added-at = {2013-11-28T00:00:00.000+0100},
  author = {Cipolla, Roberto},
  biburl = {http://www.bibsonomy.org/bibtex/2948efd3472febb110bff60a8430b5a62/dblp},
  ee = {http://dx.doi.org/10.1007/3-540-60642-4},
  interhash = {a01873f7e5bd697f7e819bc4401fb37b},
  intrahash = {948efd3472febb110bff60a8430b5a62},
  isbn = {3-540-60642-4},
  keywords = {dblp},
  publisher = {Springer},
  series = {Lecture Notes in Computer Science},
  timestamp = {2013-11-28T00:00:00.000+0100},
  title = {Active Visual Inference of Surface Shape},
  volume = 1016,
  year = 1996
}

@article{article:suzuki,
    author    = {Suzuki, S. and Abe, K.},
    title     = {Topological Structural Analysis of Digitized Binary Images by Border Following.},
    journal   = {},
    volume   = {CVGIP 30 1},
    pages    = {32 - 46},
    year      = {1985},
    month    = {},
    note     = {},
}

@article{article:douglas,
    author    = {David Douglas & Thomas Peucker},
    title     = {Algorithms for the reduction of the number of points required to represent a digitized line or its caricature},
    journal   = {The Canadian Cartographer},
    volume   = {10(2)},
    pages    = {112–122},
    year      = {1973},
    month    = {},
    note     = {doi:10.3138/FM57-6770-U75U-7727},
}

@article{article:tomasi,
    author    = {Shi and C. Tomasi},
    title     = { Good Features to Track},
    journal   = {Proceedings of the IEEE Conference on Computer Vision and Pattern Recognition},
    volume   = {},
    pages    = {593-600},
    year      = {1994},
    month    = {6},
    note     = {},
}

@misc{web:opticalFlow,
    title = {OpenCV on optical flow},
    key = {opticalFlow},
    urldate = {2014-01-07},
    note = {Accessed 2014-01-07},
    url = {\url{http://docs.opencv.org/modules/video/doc/motion_analysis_and_object_tracking.html}},
    howpublished = {\url{http://docs.opencv.org/modules/video/doc/motion_analysis_and_object_tracking.html}},
}

@article{article:yuen,
    author    = {Yuen, H. K. and Princen, J. and Illingworth, J. and Kittler, J.},
    title     = { Comparative study of Hough transform methods for circle finding.},
    journal   = {Image Vision Comput.},
    volume   = {8},
    pages    = {71-77},
    year      = {1990},
    month    = {},
    note     = {1},
}

@article{article:matas,
    author    = {Matas, J. and Galambos, C. and Kittler, J.V.},
    title     = {Robust Detection of Lines Using the Progressive Probabilistic Hough Transform.},
    journal   = {Computer Vision and Image Understanding},
    volume   = {CVIU 78 1},
    pages    = {119-137},
    year      = {2000},
    month    = {},
    note     = {},
}

@article{article:hu,
    author    = {Hu},
    title     = {Visual Pattern Recognition by Moment Invariants},
    journal   = {IRE Transactions on Information Theory},
    volume   = {8:2},
    pages    = {179-187},
    year      = {1962},
    month    = {},
    note     = {},
}

@misc{web:pclVoxel,
    title = {Point Cloud Library, downsampling tutorial},
    key = {web:pclVoxel},
    urldate = {2014-01-07},
    note = {Accessed 2014-01-07},
    url = {\url{http://pointclouds.org/documentation/tutorials/voxel_grid.php}},
    howpublished = {\url{http://pointclouds.org/documentation/tutorials/voxel_grid.php}},
}

@misc{web:pclOutliers,
    title = {Point Cloud Library, Outliers tutorial},
    key = {web:pclOutliers},
    urldate = {2014-01-07},
    note = {Accessed 2014-01-07},
    url = {\url{http://pointclouds.org/documentation/tutorials/statistical_outlier.php}},
    howpublished = {\url{http://pointclouds.org/documentation/tutorials/statistical_outlier.php}},
}

@misc{web:pclRegionGrowing,
    title = {Point Cloud Library, Region growing tutorial},
    key = {web:pclRegionGrowing},
    urldate = {2014-01-07},
    note = {Accessed 2014-01-07},
    url = {\url{http://pointclouds.org/documentation/tutorials/region_growing_segmentation.php#region-growing-segmentation}},
    howpublished = {\url{http://pointclouds.org/documentation/tutorials/region_growing_segmentation.php#region-growing-segmentation}},
}



@PhDThesis{RusuDoctoralDissertation, author = {Radu Bogdan Rusu}, title = {Semantic 3D Object Maps for Everyday Manipulation in Human Living Environments}, school = {Computer Science department, Technische Universitaet Muenchen, Germany}, year = {2009}, month = {October} }

@misc{web:slimbootloader,
    title = {AVR076: AVR CAN - 4K Boot Loader},
    key = {web:slimbootloader},
    urldate = {2014-01-07},
    note = {Accessed 2014-01-07},
    url = {\url{http://www.atmel.com/Images/doc8247.pdf}},
    howpublished = {\url{http://www.atmel.com/Images/doc8247.pdf}},
}

@misc{web:gtkada,
    title = {GtkAda},
    key = {web:gtkada},
    urldate = {2014-01-10},
    note = {Accessed 2014-01-10},
    url = {\url{http://libre.adacore.com/tools/gtkada/}},
    howpublished = {\url{http://libre.adacore.com/tools/gtkada/}},
}

@misc{web:werobot,
    title = {WeRobot MDH},
    key = {web:werobot},
    urldate = {2014-01-09},
    note = {Accessed 2014-01-09},
    url = {\url{http://www.idt.mdh.se/kurser/cdt310/08ht/projects/gr2/}},
    howpublished = {\url{http://www.idt.mdh.se/kurser/cdt310/08ht/projects/gr2/}},
}

%%% References for the Development and Operations report %%%
@misc{web:debian_ada_policy,
    title = {Debian policy for Ada},
    key = {Debian policy for Ada},
    urldate = {2014-01-08},
    note = {Accessed 2014-01-08},
    url = {\url{http://people.debian.org/~lbrenta/debian-ada-policy.html}},
    howpublished = {\url{http://people.debian.org/~lbrenta/debian-ada-policy.html}},
}

@misc{web:avr-ada,
    title = {AVR-Ada compiler at Sourceforge},
    key = {AVR-Ada compiler at Sourceforge},
    urldate = {2014-01-08},
    note = {Accessed 2014-01-08},
    url = {\url{http://sourceforge.net/projects/avr-ada/}},
    howpublished = {\url{http://sourceforge.net/projects/avr-ada/}},
}

@misc{web:github_naiad-auv-software,
    title = {Github repository: naiad-auv-software},
    key = {Github repository: naiad-auv-software},
    urldate = {2014-01-08},
    note = {Accessed 2014-01-08},
    url = {\url{https://github.com/naiad-auv/naiad-auv-software}},
    howpublished = {\url{https://github.com/naiad-auv/naiad-auv-software}},
}

@misc{web:git-flow,
    title = {Git-flow workflow},
    key = {Git-flow workflow},
    urldate = {2014-01-08},
    note = {Accessed 2014-01-08},
    url = {\url{http://nvie.com/posts/a-successful-git-branching-model/}},
    howpublished = {\url{http://nvie.com/posts/a-successful-git-branching-model/}},
}

@misc{web:comp.lang.ada,
    title = {Newsgroup comp.lang.ada},
    key = {Newsgroup comp.lang.ada},
    urldate = {2014-01-08},
    note = {Accessed 2014-01-08},
    url = {\url{https://groups.google.com/forum/#!forum/comp.lang.ada}},
    howpublished = {\url{https://groups.google.com/forum/#!forum/comp.lang.ada}},
}

@misc{web:avr-ada-devel,
    title = {AVR-Ada Devel Mailinglist},
    key = {AVR-Ada Devel Mailinglist},
    urldate = {2014-01-08},
    note = {Accessed 2014-01-08},
    url = {\url{https://lists.sourceforge.net/lists/listinfo/avr-ada-devel}},
    howpublished = {\url{https://lists.sourceforge.net/lists/listinfo/avr-ada-devel}},
}

@misc{web:debian-ada-devel,
    title = {Debian Ada Devel Mailinglist},
    key = {Debian Ada Devel Mailinglist},
    urldate = {2014-01-08},
    note = {Accessed 2014-01-08},
    url = {\url{https://lists.debian.org/debian-ada/}},
    howpublished = {\url{https://lists.debian.org/debian-ada/}},
}

@misc{web:gerrit,
    title = {Gerrit Code Review},
    key = {Gerrit Code Review},
    urldate = {2014-01-10},
    note = {Accessed 2014-01-10},
    url = {\url{http://code.google.com/p/gerrit/}},
    howpublished = {\url{http://code.google.com/p/gerrit/}},
}

@misc{web:wikibooks-ada-style-guide,
    title = {Ada Quality and Style Guide},
    key = {Ada Quality and Style Guide},
    urldate = {2014-01-10},
    note = {Accessed 2014-01-10},
    url = {\url{https://en.wikibooks.org/wiki/Ada_Style_Guide}},
    howpublished = {\url{https://en.wikibooks.org/wiki/Ada_Style_Guide}},
}

@misc{web:jenkins,
    title = {Jenkins CI},
    key = {Jenkins CI},
    urldate = {2014-01-10},
    note = {Accessed 2014-01-10},
    url = {\url{http://jenkins-ci.org/}},
    howpublished = {\url{http://jenkins-ci.org/}},
}

@misc{web:tilaa,
    title = {Tilaa - Virtual Private Servers},
    key = {Tilaa - Virtual Private Servers},
    urldate = {2014-01-10},
    note = {Accessed 2014-01-10},
    url = {\url{https://www.tilaa.com/}},
    howpublished = {\url{https://www.tilaa.com/}},
}

@misc{web:piwik,
    title = {Piwik},
    key = {Piwik},
    urldate = {2014-01-10},
    note = {Accessed 2014-01-10},
    url = {\url{http://piwik.org/}},
    howpublished = {\url{http://piwik.org/}},
}

@misc{web:vagrant,
    title = {Vagrant},
    key = {Vagrant},
    urldate = {2014-01-10},
    note = {Accessed 2014-01-10},
    url = {\url{http://www.vagrantup.com/}},
    howpublished = {\url{http://www.vagrantup.com/}},
}

@misc{web:ada-high-integrity,
    title = {Guide for the use of the Ada programming language in high integrity systems},
    key = {Guide for the use of the Ada programming language in high integrity systems},
    urldate = {2014-01-10},
    note = {Accessed 2014-01-10},
    url = {\url{http://standards.iso.org/ittf/PubliclyAvailableStandards/c029575_ISO_IEC_TR_15942_2000%28E%29.zip}},
    howpublished = {\url{http://standards.iso.org/ittf/PubliclyAvailableStandards/c029575_ISO_IEC_TR_15942_2000%28E%29.zip}},
}

@misc{web:ada-ravenscar-high-integrity,
    title = {Guide for the use of the Ada Ravenscar Profile in high integrity systems},
    key = {Guide for the use of the Ada Ravenscar Profile in high integrity systems},
    urldate = {2014-01-10},
    note = {Accessed 2014-01-10},
    url = {\url{http://standards.iso.org/ittf/PubliclyAvailableStandards/c038828_ISO_IEC_TR_24718_2005%28E%29.zip}},
    howpublished = {\url{http://standards.iso.org/ittf/PubliclyAvailableStandards/c038828_ISO_IEC_TR_24718_2005%28E%29.zip}},
}

@misc{web:ada-oop-high-integrity,
    title = {High-Integrity Object-Oriented Programming in Ada},
    key = {High-Integrity Object-Oriented Programming in Ada},
    urldate = {2014-01-10},
    note = {Accessed 2014-01-10},
    url = {\url{http://www.adacore.com/knowledge/technical-papers/high-integrity-oop-in-ada/}},
    howpublished = {\url{http://www.adacore.com/knowledge/technical-papers/high-integrity-oop-in-ada/}},
}

@misc{web:ada-rationale-2012,
    title = {Ada 2012 Rationale},
    key = {Ada 2012 Rationale},
    urldate = {2014-01-10},
    note = {Accessed 2014-01-10},
    url = {\url{http://www.adacore.com/knowledge/technical-papers/ada-2012-rationale/}},
    howpublished = {\url{http://www.adacore.com/knowledge/technical-papers/ada-2012-rationale/}},
}

@misc{web:zeiger-nichols,
    title = {Optimum Settings for Automatic Controllers},
    key = {Optimum Settings for Automatic Controllers},
    urldate = {2014-01-15},
    note = {Accessed 2014-01-15},
    url = {\url{http://chem.engr.utc.edu/Student-files/x2008-Fa/435-Blue/1942-paper.pdf}},
    howpublished = {\url{http://chem.engr.utc.edu/Student-files/x2008-Fa/435-Blue/1942-paper.pdf}},
}


@misc{web:robosub,
    title = {RoboSub},
    key = {RoboSub},
    urldate = {2014-01-10},
    note = {Accessed 2014-01-10},
    url = {\url{http://www.auvsifoundation.org/foundation/competitions/robosub/}},
    howpublished = {\url{http://www.auvsifoundation.org/foundation/competitions/robosub/}},
}

@book{book:corke2013,
    author    = "Peter Corke",
    title     = "Robotics, Vision and Control Fundamental algorithms in matlab$\circledR$",
    year      = "2013",
    publisher = "Springer",
}
@misc{web:MVVM,
    title = {WPF Apps With The Model-View-ViewModel Design Pattern},
    key = {WPF Apps With The Model-View-ViewModel Design Pattern},
    urldate = {2014-01-13},
    note = {Accessed 2014-01-13},
    url = {\url{http://msdn.microsoft.com/en-us/magazine/dd419663.aspx}},
    howpublished = {\url{http://msdn.microsoft.com/en-us/magazine/dd419663.aspx}},
}
@INPROCEEDINGS{4772083, 
author={Cheng Jian-Hua and Wang Xin-Zhe and Cheng Xu-hong and Hao Yan-ling}, 
booktitle={Knowledge Discovery and Data Mining, 2009. WKDD 2009. Second International Workshop on}, 
title={Research and Design of PINS Simulator Based on UnderWater Vehicle Space Model}, 
year={2009}, 
pages={917-920}, 
keywords={adaptive control;inertial navigation;motion control;underwater vehicles;PINS movement adaptability;PINS simulator;coordinate transformation relationship;fixed coordinate system;local present coordinate system;moving coordinate system;platform inertial navigation system;space motion mathematical model;underwater vehicle motion model;vehicle mobile movement;Acceleration;Computational modeling;Computer simulation;Inertial navigation;Mathematical model;Motion analysis;Motion control;Pins;Underwater vehicles;Vehicle dynamics;PINS;computer simulation;coordinate transformation;underwater veihicle space motion}, 
doi={10.1109/WKDD.2009.121},}

%%% References for mission control system report %%%
@misc{web:mcsada,
    title = {Ada Reference Manual},
    key = {Ada Reference Manual},
    urldate = {2014-01-14},
    note = {Accessed 2014-01-14},
    url = {\url{http://www.ada-auth.org/standards/12rm/html/RM-TTL.html}},
    howpublished = {\url{http://www.ada-auth.org/standards/12rm/html/RM-TTL.html}},
}

@misc{web:mcsflex,
    title = {Flex website},
    key = {Flex website},
    urldate = {2014-01-14},
    note = {Accessed 2014-01-14},
    url = {\url{http://flex.sourceforge.net}},
    howpublished = {\url{http://flex.sourceforge.net}},
}

@misc{web:mcsbison,
    title = {Bison manual},
    key = {Bison manual},
    urldate = {2014-01-14},
    note = {Accessed 2014-01-14},
    url = {\url{http://www.gnu.org/software/bison/manual/bison.html}},
    howpublished = {\url{http://www.gnu.org/software/bison/manual/bison.html}},
}

@misc{web:mcsatcan,
    title = {AT90CAN32/64/128 manual},
    key = {AT90CAN32/64/128 manual},
    urldate = {2014-01-14},
    note = {Accessed 2014-01-14},
    url = {\url{http://www.atmel.com/Images/doc7679.pdf}},
    howpublished = {\url{http://www.atmel.com/Images/doc7679.pdf}},
}

@misc{web:mcsbbb,
    title = {BeagleBone Black System Reference Manual},
    key = {BeagleBone Black System Reference Manual},
    urldate = {2014-01-14},
    note = {Accessed 2014-01-14},
    url = {\url{https://github.com/CircuitCo/BeagleBone-Black/blob/master/BBB_SRM.pdf?raw=true}},
    howpublished = {\url{https://github.com/CircuitCo/BeagleBone-Black/blob/master/BBB_SRM.pdf?raw=true}},
}

@article{article:mcsraven,
    author    = {Burns, Alan Burns, Alan},
    title     = {The Ravenscar Profile},
    journal   = {},
    volume   = {},
    pages    = {},
    year      = {},
    month    = {},
    note     = {},
}

@article{article:multilateration,
    author    = {Bucher, Ralph and Misra, D},
    title     = {A Synthesizable VHDL Model of the Exact Solution for Three-dimensional Hyperbolic Positioning System},
    journal   = {VLSI Design},
    volume   = {15},
    pages    = {507-520},
    year      = {2002},
}

@misc{web:multilateration,
    title = {Multilateration Wiki},
    key = {Multilateration Wiki},
    urldate = {2014-01-10},
    note = {Accessed 2014-01-10},
    url = {\url{http://en.wikipedia.org/wiki/Multilateration}},
    howpublished = {\url{http://en.wikipedia.org/wiki/Multilateration}},
}

@misc{web:motor,
    title = {Phoenix Ice HV2 controller},
    key = {Phoenix Ice HV2 controller},
    urldate = {2014-01-15},
    note = {Accessed 2014-01-15},
    url = {\url{http://www.castlecreations.com/products/phoenix-ice2-hv.html}},
    howpublished = {\url{http://www.castlecreations.com/products/phoenix-ice2-hv.html}},
}

%%%%Rizwin

@Misc{gimme2manual,
author = {af inventions},
title = {GIMME2 user guide},
month = {June},
year = {2013},
}


@misc{web:OV10810,
    title ={OV1810 Product Desciption},
    key = {Website},
    urldate = {2013-10-15},
    url = {\url{http://www.ovt.com/products/sensor.php?id=101}},
    howpublished = {\url{http://www.ovt.com/products/sensor.php?id=101}},
}

@InProceedings{hardp,
author = {Bryan H. Fletcher},
title = {FPGA Embedded Processors - Revealing True System Performance},
booktitle = {Embedded Systems Conference},
year = {2005},
organization = {Memec},
}

@misc{web:XilinxWiki,
    title ={Getting Started guide for Xilinx Zynq},
    key = {Website},
    urldate = {2013-10-15},
    url = {\url{http://www.wiki.xilinx.com/Getting+Started}},
    howpublished = {\url{http://www.wiki.xilinx.com/Getting+Started}},
}

@misc{web:XilDrivers,
    title ={Linux Drivers for Xilinx devices},
    key = {Website},
    urldate = {2013-10-15},
    url = {\url{http://www.wiki.xilinx.com/Linux+Drivers}},
    howpublished = {\url{http://www.wiki.xilinx.com/Linux+Drivers}},
}

@misc{web:can4linux,
    title ={can4linux driver},
    key = {Website},
    urldate = {2013-10-15},
    url = {\url{http://www.can-wiki.info/can4linux/man/index.html}},
    howpublished = {\url{http://www.can-wiki.info/can4linux/man/index.html}},
}

@misc{web:ubuntuZynq,
    title ={Ubuntu on Zynq platforms},
    key = {Website},
    urldate = {2013-10-15},
    url = {\url{http://www.wiki.xilinx.com/Ubuntu+on+Zynq}},
     howpublished = {\url{http://www.wiki.xilinx.com/Ubuntu+on+Zynq}},
}

@misc{web:svnGimme,
    title ={Setup guide and Boot files for GIMME-2 board},
    key = {Website},
    urldate = {2013-10-15},
    url = {\url{https://v-lagerlunda.ita.mdh.se:8443/svn/cdt508/project_ht13/hardware/GIMME-2}},
    howpublished = {\url{https://v-lagerlunda.ita.mdh.se:8443/svn/cdt508/project_ht13/hardware/GIMME-2}},
}

@misc{web:downloadISE,
    title ={Xilinx ISE Design Suite - Full Installer for Linux},
    key = {Website},
    urldate = {2013-10-15},
    url = {\url{http://www.xilinx.com/support/download/index.html/content/xilinx/en/downloadNav/design-tools.html}},
    howpublished = {\url{http://www.xilinx.com/support/download/index.html/content/xilinx/en/downloadNav/design-tools.html}},
}

@misc{web:driverCable,
    title ={Driver installation instructions for Platform USB Cable II},
    key = {Website},
    urldate = {2013-10-15},
    url = {\url{http://rmdir.de/~michael/xilinx/}},
    howpublished = {\url{http://rmdir.de/~michael/xilinx/}},
}


